This file was created with JabRef 1.7.1.
Encoding: Cp1252

@INPROCEEDINGS{Chang1997a,
  author = {Chang, Shin-Lin and Lottes, Steven A. and Zhou, Chenn Q. and Petrick, Michael},
  title = {A Coke/Soot Formation Model for Multiphase Reacting Flow Simulation},
  booktitle = {Proceedings of 1997 Conference of Combustion Fundamentals and Applications},
  year = {1997},
  pages = {354--359},
  month = {April},
  owner = {slottes},
}

@INPROCEEDINGS{Chang1997,
  author = {Chang, Shin-Lin and Zhou, Chenn
	 Q. and Lottes, Steven A. and Golchert, Brian and Petrick, Michael},
  title = {Methodologies of Extracting Kinetic Constants for Multiphase Reacting Flow Simulation},
  booktitle = {Proceedings of 1997 Conference of Combustion Fundamentals and Applications},
  year = {1997},
  pages = {348--353},
  month = {April},
  owner = {slottes},
}

@BOOK{Incropera1981,
  title = {Fundamentals of Heat Transfer},
  publisher = {John Wiley \& Sons},
  year = {1981},
  author = {Incropera, Frank P. and DeWitt, David P.},
  owner = {slottes},
}

@PHDTHESIS{Lottes1989,
  author = {Lottes, Steven A.},
  title = {Unsteady Spray Group Combustion},
  school = {University of Illinois},
  year = {1989},
  owner = {slottes},
}

@ARTICLE{1995STIN...9612081W,
  author = {{Wu}, B. and {Chang}, S.~L. and {Lottes}, S.~A.},
  title = {{An investigation of
	 computational modeling on phase distribution phenomena in vertical pipes}},
  journal = {NASA STI/Recon Technical Report N},
  year = {1995},
  volume = {96},
  pages = {12081-+},
  adsnote = {Provided by the Smithsonian/NASA Astrophysics Data System},
  adsurl = {http://adsabs.harvard.edu/cgi-bin/nph-bib_query?bibcode=1995STIN...9612081W&db_key=INST},
}

